@book{bird2009natural,
  title={Natural language processing with Python},
  author={Bird, Steven and Klein, Ewan and Loper, Edward},
  year={2009},
  publisher={O'Reilly Media}
}

@inproceedings{de2006generating,
  title={Generating typed dependency parses from phrase structure parses},
  author={De Marneffe, Marie-Catherine and MacCartney, Bill and Manning, Christopher D},
  booktitle={Proceedings of LREC},
  volume={6},
  pages={449--454},
  year={2006}
}

@article{de2008stanford,
  title={Stanford typed dependencies manual},
  author={De Marneffe, Marie-Catherine and Manning, Christopher D},
  journal={URL http://nlp. stanford. edu/software/dependencies\_manual. pdf},
  year={2008}
}

@article{cherry2008cohesive,
  title={Cohesive phrase-based decoding for statistical machine translation},
  author={Cherry, Colin},
  journal={Proceedings of ACL-08: HLT},
  pages={72--80},
  year={2008}
}

@inproceedings{fox2002phrasal,
  title={Phrasal cohesion and statistical machine translation},
  author={Fox, Heidi J},
  booktitle={Proceedings of the ACL-02 conference on Empirical methods in natural language processing-Volume 10},
  pages={304--3111},
  year={2002},
  organization={Association for Computational Linguistics}
}

@inproceedings{hwa2002evaluating,
  title={Evaluating translational correspondence using annotation projection},
  author={Hwa, Rebecca and Resnik, Philip and Weinberg, Amy and Kolak, Okan},
  booktitle={Proceedings of the 40th Annual Meeting on Association for Computational Linguistics},
  pages={392--399},
  year={2002},
  organization={Association for Computational Linguistics}
}

@article{janssen1998algebraic,
  title={Algebraic translations, correctness and algebraic compiler construction},
  author={Janssen, Theo},
  journal={Theoretical Computer Science},
  volume={199},
  number={1},
  pages={25--56},
  year={1998},
  publisher={Elsevier}
}

@article{janssen1996compositionality,
  title={Compositionality},
  author={Janssen, Theo MV},
  year={1996}
}

@article{landsbergen1989power,
  title={The power of compositional translation},
  author={Landsbergen, Jan and Odijk, Jan and Schenk, Andre},
  journal={Literary and Linguistic Computing},
  volume={4},
  number={3},
  pages={191--199},
  year={1989},
  publisher={ALLC}
}

@article{khalilov2012statistical,
  title={Statistical translation after source reordering: Oracles, context-aware models, and empirical analysis},
  author={Khalilov, Maxim and Sima'an, Khalil},
  journal={Natural Language Engineering},
  volume={18},
  number={4},
  pages={491},
  year={2012},
  publisher={Cambridge Univ Press}
}

@inproceedings{denero2011inducing,
  title={Inducing sentence structure from parallel corpora for reordering},
  author={DeNero, John and Uszkoreit, Jakob},
  booktitle={Proceedings of the Conference on Empirical Methods in Natural Language Processing},
  pages={193--203},
  year={2011},
  organization={Association for Computational Linguistics}
}


@article{och2004alignment,
  title={The alignment template approach to statistical machine translation},
  author={Och, Franz Josef and Ney, Hermann},
  journal={Computational linguistics},
  volume={30},
  number={4},
  pages={417--449},
  year={2004},
  publisher={MIT Press}
}

@article{partee1984compositionality,
  title={Compositionality},
  author={Partee, Barbara},
  journal={Varieties of formal semantics},
  volume={3},
  pages={281--311},
  year={1984},
  publisher={Foris Publications}
}

@book{rosetta1994compositional,
  title={Compositional translation},
  author={Rosetta, MT},
  year={1994},
  publisher={Kluwer academic publishers Dordrecht}
}

@article{wang2010re,
  title={Re-structuring, re-labeling, and re-aligning for syntax-based machine translation},
  author={Wang, Wei and May, Jonathan and Knight, Kevin and Marcu, Daniel},
  journal={Computational Linguistics},
  volume={36},
  number={2},
  pages={247--277},
  year={2010},
  publisher={MIT Press}
}

@Unpublished{simaan2013hats2,
author = {Sima'an, Khalil and Maillette de Buy Wenniger, Gideon},
title = {Hierarchical Alignment Trees: A Recursive Factorization of Reordering in Word Alignments with Empirical Results},
note = {•},
OPTkey = {2013},
OPTmonth = {•},
OPTyear = {•},
OPTannote = {•}
}

@article{simaan2013hats,
 title={Hierarchical Alignment Trees: A Recursive Factorization of Reordering in Word Alignments with Empirical Results},
 author={Sima'an, Khalil and Maillette de Buy Wenniger, Gideon},
 year={2013}
}

@inproceedings{zhang2008extracting,
  title={Extracting synchronous grammar rules from word-level alignments in linear time},
  author={Zhang, Hao and Gildea, Daniel and Chiang, David},
  booktitle={Proceedings of the 22nd International Conference on Computational Linguistics-Volume 1},
  pages={1081--1088},
  year={2008},
  organization={Association for Computational Linguistics}
}